<?xml version="1.0" encoding="utf-8"?>
<record xmlns="http://www.loc.gov/MARC21/slim" xmlns:xsi="http://www.w3.org/2001/XMLSchema-instance" xsi:schemaLocation="http://www.loc.gov/MARC21/slim http://www.loc.gov/standards/marcxml/schema/MARC21slim.xsd">
	<leader>     nam a22        4500</leader>
	<controlfield tag="001">b12783420</controlfield>
	<controlfield tag="003">LeBAU</controlfield>
	<controlfield tag="006">m        d        </controlfield>
	<controlfield tag="007">cr cn |||m|||a</controlfield>
	<controlfield tag="008">170120m19451947tu      o     ||0 0 ara d</controlfield>
	<datafield ind1=" " ind2=" " tag="040">
		<subfield code="a">NNU</subfield>
		<subfield code="b">ara</subfield>
		<subfield code="e">rda</subfield>
		<subfield code="c">NNU</subfield>
	</datafield>
	<datafield ind1=" " ind2="4" tag="050">
		<subfield code="a">Z7052</subfield>
		<subfield code="b">.I84 1945 </subfield>
	</datafield>
	<datafield ind1="0" ind2="4" tag="082">
		<subfield code="a">091.016</subfield>
		<subfield code="2">22</subfield>
	</datafield>
	<datafield ind1="1" ind2=" " tag="100">
		<subfield code="6">880-01</subfield>
		<subfield code="a">Bābānī, Ismāʻīl Bāshā,</subfield>
		<subfield code="d">-1920 or 1921,</subfield>
		<subfield code="e">author.</subfield>
	</datafield>
	<datafield ind1="1" ind2="0" tag="245">
		<subfield code="6">880-02</subfield>
		<subfield code="a">Kitāb Īḍāḥ al-maknūn fī al-dhayl ʻalá Kashf al-ẓunūn ʻan asāmī al-kutub wa-al-funūn /</subfield>
		<subfield code="c">lil-‘ālim al-fāḍil al-adīb wa-al-mu’arrikh al-kāmil al-arīb Ismāʻīl Bāshā ibn Muḥammad Amīn ibn Mīr Salīm al-Bābānī aṣlan wa-al-Baghdādī mawlidan wa-maskanan ; ʻuniya bi-taṣḥīḥihi wa-ṭabʻihi ʻalá nuskhat al-muʼallif al-‘abdān al-faqīrān ilá Allāh al-ghanī Muḥammad Sharaf al-Dīn Yāltqāyā ra’īs ’umūr al-dīn wa-al-Muʻallim Rifʻat Bīlkih al-Kilīsī.</subfield>
	</datafield>
	<datafield ind1="3" ind2="0" tag="246">
		<subfield code="6">880-03</subfield>
		<subfield code="a">Īḍāḥ al-maknūn fī al-dhayl ʻalá Kashf al-ẓunūn ʻan asāmī al-kutub wa-al-funūn</subfield>
	</datafield>
	<datafield ind1="1" ind2="5" tag="246">
		<subfield code="6">880-04</subfield>
		<subfield code="a">Keṣf-el-zunun zeyli :</subfield>
		<subfield code="b">Īżāḥ al-maknūn fī al-ẕayli 'alā kaṣf al-ẓunūn 'an asāmī al-kutubi va’l funūn</subfield>
	</datafield>
	<datafield ind1=" " ind2="1" tag="264">
		<subfield code="6">880-05</subfield>
		<subfield code="a">Istanbul :</subfield>
		<subfield code="b">Wakālat al-Ma‘ārif,</subfield>
		<subfield code="c">1364-1366 [H.] = 1945-1947 [M.]</subfield>
	</datafield>
	<datafield ind1=" " ind2=" " tag="300">
		<subfield code="6">880-06</subfield>
		<subfield code="a">online resource (1 volume)</subfield>
	</datafield>
	<datafield ind1=" " ind2=" " tag="336">
		<subfield code="a">text</subfield>
		<subfield code="2">rdacontent</subfield>
	</datafield>
	<datafield ind1=" " ind2=" " tag="337">
		<subfield code="a">computer</subfield>
		<subfield code="2">rdamedia</subfield>
	</datafield>
	<datafield ind1=" " ind2=" " tag="338">
		<subfield code="a">online resource</subfield>
		<subfield code="2">rdacarrier</subfield>
	</datafield>
	<datafield ind1=" " ind2=" " tag="500">
		<subfield code="a">Part of the Arabic Collections Online (ACO) project, contributed by American University of Beirut's Jafet Memorial Library.</subfield>
	</datafield>
	<datafield ind1=" " ind2=" " tag="533">
		<subfield code="a">Electronic reproduction.</subfield>
		<subfield code="b">New York, N.Y. :</subfield>
		<subfield code="c">New York University,</subfield>
		<subfield code="d">2017.</subfield>
		<subfield code="5">NNU</subfield>
	</datafield>
	<datafield ind1="1" ind2="0" tag="600">
		<subfield code="6">880-07</subfield>
		<subfield code="a">Haji khalifah, Mustafa ibn 'Abd Allah,</subfield>
		<subfield code="d">1609-1657.</subfield>
		<subfield code="t">Kashf al-ẓunun 'an Asami al-kutub wa al-funun.</subfield>
	</datafield>
	<datafield ind1=" " ind2="0" tag="650">
		<subfield code="6">880-08</subfield>
		<subfield code="a">Authors, Arab</subfield>
		<subfield code="v">Bio-bibliography.</subfield>
	</datafield>
	<datafield ind1="1" ind2=" " tag="700">
		<subfield code="6">880-09</subfield>
		<subfield code="a">Yāltaqāyā, Muḥammad Sharaf al-Dīn,</subfield>
		<subfield code="e">corrector.</subfield>
	</datafield>
	<datafield ind1="0" ind2=" " tag="700">
		<subfield code="6">880-10</subfield>
		<subfield code="a">Kilisli Muallim Rifat,</subfield>
		<subfield code="d">1876-1953,</subfield>
		<subfield code="e">corrector.</subfield>
	</datafield>
	<datafield ind1="2" ind2=" " tag="710">
		<subfield code="a">Jafet Memorial Library.</subfield>
	</datafield>
	<datafield ind1="0" ind2=" " tag="730">
		<subfield code="a">Arabic Collections Online.</subfield>
	</datafield>
	<datafield ind1="0" ind2="8" tag="776">
		<subfield code="i">Print version:</subfield>
		<subfield code="a">Bābānī, Ismāʻīl Bāshā, -1920 or 1921, author.</subfield>
		<subfield code="t">Kitāb Īḍāḥ al-maknūn fī al-dhayl ʻalá Kashf al-ẓunūn ʻan asāmī al-kutub wa-al-funūn</subfield>
		<subfield code="w">(LeBAU)b12783420</subfield>
	</datafield>
	<datafield ind1="4" ind2="0" tag="856">
		<subfield code="u">http://hdl.handle.net/2333.1/nk98skkf</subfield>
	</datafield>
	<datafield ind1="1" ind2=" " tag="880">
		<subfield code="6">100-01/r</subfield>
		<subfield code="a">باباني، إسماعيل باشا،</subfield>
		<subfield code="d">-1920 or 1921,</subfield>
		<subfield code="e">author.</subfield>
	</datafield>
	<datafield ind1="1" ind2="0" tag="880">
		<subfield code="6">245-02/r</subfield>
		<subfield code="a">كتاب إيضاح المكنون في الذيل على كشف الظنون عن أسامي الكتب و الفنون /</subfield>
		<subfield code="c">للعالم الفاضل الأديب والمؤرخ الكامل الأريب إسماعيل باشا بن محمد أمين بن مير سليم الباباني اصلاً والبغدادي مولداً ومسكناً ؛ عني بتصحيحه وطبعه على نسخة المؤلف العبدان الفقيران إلى الله الغني محمد شرف الدين يالتقايا رئيس أمور الدين والمعلم رفعت بيلكه الكليسي.</subfield>
	</datafield>
	<datafield ind1="3" ind2="0" tag="880">
		<subfield code="6">246-03/r</subfield>
		<subfield code="a">إيضاح المكنون في الذيل على كشف الظنون عن أسامي الكتب و الفنون</subfield>
	</datafield>
	<datafield ind1="3" ind2="0" tag="880">
		<subfield code="6">246-04/r</subfield>
		<subfield code="a">إيضاح المكنون في الذيل على كشف الظنون عن أسامي الكتب والفنون</subfield>
	</datafield>
	<datafield ind1=" " ind2="1" tag="880">
		<subfield code="6">264-05/r</subfield>
		<subfield code="a">Istanbul :</subfield>
		<subfield code="b">وكالة المعارف،</subfield>
		<subfield code="c">1364-1366 [هـ.] = 1945-1947 [م.]</subfield>
	</datafield>
	<datafield ind1=" " ind2=" " tag="880">
		<subfield code="6">300-06/r</subfield>
		<subfield code="a">1 مجلد ؛</subfield>
		<subfield code="c">33 سم</subfield>
	</datafield>
	<datafield ind1=" " ind2=" " tag="880">
		<subfield code="6">500-00/r</subfield>
		<subfield code="a">كشف الظنون لحاجي خليفة.</subfield>
	</datafield>
	<datafield ind1=" " ind2=" " tag="880">
		<subfield code="6">500-00/r</subfield>
		<subfield code="a">2 جزء ببليوغرافي في 1 جزء مادي.</subfield>
	</datafield>
	<datafield ind1="1" ind2="4" tag="880">
		<subfield code="6">600-07/r</subfield>
		<subfield code="a">حاجي خليفة، مصطفى بن عبدالله،</subfield>
		<subfield code="d">1609-1657.</subfield>
		<subfield code="t">كشف الظنون عن أسامي الكتب والفنون.</subfield>
	</datafield>
	<datafield ind1=" " ind2="4" tag="880">
		<subfield code="6">650-00/r</subfield>
		<subfield code="a">المخطوطات العربية</subfield>
		<subfield code="v">ببليوغرافيا.</subfield>
	</datafield>
	<datafield ind1=" " ind2="4" tag="880">
		<subfield code="6">650-08/r</subfield>
		<subfield code="a">المؤلفون العرب</subfield>
		<subfield code="v">بيوببليوغرافيا.</subfield>
	</datafield>
	<datafield ind1="1" ind2=" " tag="880">
		<subfield code="6">700-09/r</subfield>
		<subfield code="a">يلتقابا، محمد شرف الدين،</subfield>
		<subfield code="e">مصحح.</subfield>
		<subfield code="4">crr.</subfield>
	</datafield>
	<datafield ind1="0" ind2=" " tag="880">
		<subfield code="6">700-10/r</subfield>
		<subfield code="a">كليسلي معلم رفعت،</subfield>
		<subfield code="d">1876-1953، </subfield>
		<subfield code="e">corrector.</subfield>
	</datafield>
	<datafield ind1=" " ind2=" " tag="959">
		<subfield code="a">NNU</subfield>
		<subfield code="b">WEB</subfield>
		<subfield code="c">GENI</subfield>
		<subfield code="t">0</subfield>
		<subfield code="m">Electronic access</subfield>
		<subfield code="s">01</subfield>
	</datafield>
	<datafield ind1=" " ind2=" " tag="999">
		<subfield code="i">LeBAU_b12783420</subfield>
		<subfield code="s">aub_aco000249:v.1-2</subfield>
		<subfield code="e">(ERROR-880)(ERROR-MISC)</subfield>
		<subfield code="s">aub_aco000249:v.1-2</subfield>
	</datafield>
</record>
